@book{Leinster2014,
  title = {Basic {{Category Theory}}},
  author = {Leinster, Tom},
  date = {2014},
  publisher = {{Cambridge University Press}},
  issn = {0022-1082},
  doi = {10.1017/CBO9781107360068},
  keywords = {Books,Online ISBN: 9781107360068 Hardback ISBN: 9781107}
}
